% Encoding: UTF8

@article{ref:drakestarvz,
title = "Parallel Workflow Support for StarVZ using Drake",
journal = "WSPPD Proceedings",
pages = "23 - 25",
year = "2018",
url = "http://inf.ufrgs.br/gppd/wsppd/2018/proceedings.php",
author = "Alles, Guilherme Rezende and Schnorr, Lucas Mello"
}

@article{ref:spark,
 author = {Zaharia, Matei and Xin, Reynold S. and Wendell, Patrick and Das, Tathagata and Armbrust, Michael and Dave, Ankur and Meng, Xiangrui and Rosen, Josh and Venkataraman, Shivaram and Franklin, Michael J. and Ghodsi, Ali and Gonzalez, Joseph and Shenker, Scott and Stoica, Ion},
 title = {Apache Spark: A Unified Engine for Big Data Processing},
 journal = {Commun. ACM},
 issue_date = {November 2016},
 volume = {59},
 number = {11},
 month = oct,
 year = {2016},
 issn = {0001-0782},
 pages = {56--65},
 numpages = {10},
 url = {http://doi.acm.org/10.1145/2934664},
 doi = {10.1145/2934664},
 acmid = {2934664},
 publisher = {ACM},
 address = {New York, NY, USA},
} 

@inproceedings{ref:hdfs,
 author = {Shvachko, Konstantin and Kuang, Hairong and Radia, Sanjay and Chansler, Robert},
 title = {The Hadoop Distributed File System},
 booktitle = {Proceedings of the 2010 IEEE 26th Symposium on Mass Storage Systems and Technologies (MSST)},
 series = {MSST '10},
 year = {2010},
 isbn = {978-1-4244-7152-2},
 pages = {1--10},
 numpages = {10},
 url = {http://dx.doi.org/10.1109/MSST.2010.5496972},
 doi = {10.1109/MSST.2010.5496972},
 acmid = {1914427},
 publisher = {IEEE Computer Society},
 address = {Washington, DC, USA},
} 

@article{ref:taskinsight,
title = "Analyzing performance variation of task schedulers with TaskInsight",
journal = "Parallel Computing",
volume = "75",
pages = "11 - 27",
year = "2018",
issn = "0167-8191",
doi = "https://doi.org/10.1016/j.parco.2018.02.003",
url = "http://www.sciencedirect.com/science/article/pii/S0167819118300346",
author = "Germán Ceballos and Thomas Grass and Andra Hugo and David Black-Schaffer",
keywords = "Task-based scheduling, Data reuse, Data locality"
}

@INPROCEEDINGS{ref:delayspotter, 
author={A. {Huynh} and K. {Taura}}, 
booktitle={2017 IEEE International Conference on Cluster Computing (CLUSTER)}, 
title={Delay Spotter: A Tool for Spotting Scheduler-Caused Delays in Task Parallel Runtime Systems}, 
year={2017}, 
volume={}, 
number={}, 
pages={114-125}, 
keywords={parallel programming;scheduling;scheduler-caused delays;time-series visualizations;runtime visualizations;logical task graph;delayed intervals;parallel execution;runtime schedulers;hardware parallel resources;logical tasks;sophisticated runtime task schedulers;modern task parallel programming models;task parallel runtime systems;delay spotter;Delays;Runtime;Parallel processing;Tools;Parallel programming;Computational modeling;task parallel;runtime scheduler;scheduling delay;performance analysis;scalability factors}, 
doi={10.1109/CLUSTER.2017.82}, 
ISSN={2168-9253}, 
month={Sep.},}

@InProceedings{ref:temanejo,
author="Keller, Rainer
and Brinkmann, Steffen
and Gracia, Jos{\'e}
and Niethammer, Christoph",
editor="Brunst, Holger
and M{\"u}ller, Matthias S.
and Nagel, Wolfgang E.
and Resch, Michael M.",
title="Temanejo: Debugging of Thread-Based Task-Parallel Programs in StarSS",
booktitle="Tools for High Performance Computing 2011",
year="2012",
publisher="Springer Berlin Heidelberg",
address="Berlin, Heidelberg",
pages="131--137"
}



@inproceedings{ref:visuexecdep,
 author = {Haugen, Blake and Richmond, Stephen and Kurzak, Jakub and Steed, Chad A. and Dongarra, Jack},
 title = {Visualizing Execution Traces with Task Dependencies},
 booktitle = {Proceedings of the 2Nd Workshop on Visual Performance Analysis},
 series = {VPA '15},
 year = {2015},
 isbn = {978-1-4503-4013-7},
 location = {Austin, Texas},
 pages = {2:1--2:8},
 articleno = {2},
 numpages = {8},
 url = {http://doi.acm.org/10.1145/2835238.2835240},
 doi = {10.1145/2835238.2835240},
 acmid = {2835240},
 publisher = {ACM},
 address = {New York, NY, USA},
 keywords = {DAG, data movement, execution trace, task-based scheduling},
} 

@inproceedings{ref:dagviz,
 author = {Huynh, An and Thain, Douglas and Peric\`{a}s, Miquel and Taura, Kenjiro},
 title = {DAGViz: A DAG Visualization Tool for Analyzing Task-parallel Program Traces},
 booktitle = {Proceedings of the 2Nd Workshop on Visual Performance Analysis},
 series = {VPA '15},
 year = {2015},
 isbn = {978-1-4503-4013-7},
 location = {Austin, Texas},
 pages = {3:1--3:8},
 articleno = {3},
 numpages = {8},
 url = {http://doi.acm.org/10.1145/2835238.2835241},
 doi = {10.1145/2835238.2835241},
 acmid = {2835241},
 publisher = {ACM},
 address = {New York, NY, USA},
 keywords = {DAG visualization, performance analysis, profiler, task parallel, tracer},
} 

@INPROCEEDINGS{ref:ocelotl, 
author={D. {Dosimont} and R. {Lamarche-Perrin} and L. M. {Schnorr} and G. {Huard} and J. {Vincent}}, 
booktitle={2014 IEEE International Conference on Cluster Computing (CLUSTER)}, 
title={A spatiotemporal data aggregation technique for performance analysis of large-scale execution traces}, 
year={2014}, 
volume={}, 
number={}, 
pages={149-157}, 
keywords={Performance analysis;trace visualization;spatiotemporal aggregation;information theory;NASPB;Grid'5000}, 
doi={10.1109/CLUSTER.2014.6968741}, 
ISSN={1552-5244}, 
month={Sep.},}

@INPROCEEDINGS{ref:framesoc, 
author={G. {Pagano} and D. {Dosimont} and G. {Huard} and V. {Marangozova-Martin} and J. {Vincent}}, 
booktitle={2013 IEEE 7th International Symposium on Embedded Multicore Socs}, 
title={Trace Management and Analysis for Embedded Systems}, 
year={2013}, 
volume={}, 
number={}, 
pages={119-122}, 
doi={10.1109/MCSoC.2013.28}, 
ISSN={}, 
month={Sep.},}

@misc{ref:paje,
    author = {Stein, Benhur de Oliveira
    and Faverge, Mathieu
    and Trahay, François
    and Kergommeaux, Jacques Chassin de
    and Schnorr, Lucas M.},
    title = {Pajé - trace file format},
    year = {2015},
    url = {https://github.com/schnorr/pajeng/blob/master/doc/lang-paje/lang-paje.pdf},
    note = {[Acessed: 2019-05-07]}
}

@misc{ref:ravel,
    author = {Isaacs, Kate},
    title = {Ravel MPI trace visualization tool},
    year = {2014},
    url = {https://github.com/LLNL/ravel},
    note = {[Acessed: 2019-05-05]}
}

@misc{ref:vite,
    author = {Coulomb, Kevin 
    and Faverge, Mathieu
    and Jazeix, Johnny
    and Lagrasse, Olivier
    and Marcoueille, Jule
    and Noisette, Pascal
    and Redondy, Arthur
    and Thibault, Samuel
    and Vuchener, Clément},
    title = {Visual Trace Explorer},
    year = {2009},
    url = {http://vite.gforge.inria.fr/index.php},
    note = {[Acessed: 2019-05-05]}
}

@inproceedings{ref:otf2,
author = {Eschweiler, Dominic and Wagner, Michael and Geimer, Markus and Knüpfer, Andreas and Nagel, Wolfgang and Wolf, Felix},
year = {2012},
month = {01},
pages = {481 - 490},
title = {Open Trace Format 2: The Next Generation of Scalable Trace Formats and Support Libraries},
volume = {22},
isbn = {9781614990406},
doi = {10.3233/978-1-61499-041-3-481}
}

@article{ref:starvz,
author = {Garcia Pinto, Vinícius and Mello Schnorr, Lucas and Stanisic, Luka and Legrand, Arnaud and Thibault, Samuel and Danjean, Vincent},
title = {A visual performance analysis framework for task-based parallel applications running on hybrid clusters},
journal = {Concurrency and Computation: Practice and Experience},
volume = {30},
number = {18},
pages = {e4472},
keywords = {Cholesky, heterogeneous platforms, high-performance computing, task-based applications, trace visualization},
doi = {10.1002/cpe.4472},
url = {https://onlinelibrary.wiley.com/doi/abs/10.1002/cpe.4472},
eprint = {https://onlinelibrary.wiley.com/doi/pdf/10.1002/cpe.4472},
note = {e4472 cpe.4472},
year = {2018}
}

@book{ref:org-mode,
 author = {Dominik, Carsten},
 title = {The Org Mode 7 Reference Manual - Organize Your Life with GNU Emacs},
 year = {2010},
 isbn = {1906966087, 9781906966089},
 publisher = {Network Theory Ltd.},
} 

@misc{ref:tidyverse,
    title = {Tidyverse},
    year = {2019},
    url = {https://www.tidyverse.org/},
    note = {[Acessed: 2019-05-05]}
}

@misc{ref:lpsolve,
    author = {Berkelaar, Michel},
    title = {lp\_solve reference guide Version 5.5},
    year = {2016},
    url = {http://lpsolve.sourceforge.net/},
    note = {[Acessed: 2019-05-05]}
}

@misc{ref:rlanguage,
    author = {{R Core Team}},
    title = {R: A Language and Environment for Statistical Computing},
    year = {2017},
    organization = {R Foundation for Statistical Computing},
    address = {Vienna, Austria},
    url = {http://www.r-project.org/},
    note = {[Acessed: 2019-05-04]}
}

@ONLINE{
  ref:rmpi,
  author = {Yu, Hao},
  title = {RMPI Home Page},
  year = {2013},
  note = {[Acessed: 2019-06-24]},
  url = {http://fisher.stats.uwo.ca/faculty/yu/Rmpi/}
}

@ONLINE{
  ref:pbdr,
  author = {Ostrouchov, G. and Chen, W.-C. and Schmidt, D. and Patel, P.},
  title = {Programming with Big Data in R},
  year = {2012},
  note = {[Acessed: 2019-06-24]},
  url = {http://r-pbd.org/}
}

@misc{ref:data_minute2,
  author = {Digital Information World},
  title = {How Much Data Is Generated Per Minute?},
  year = {2018},
  url = {https://www.digitalinformationworld.com/2018/06/infographics-data-never-sleeps-6.html},
  note = {[Acessed: 2019-05-04]}
}

@misc{ref:feather,
  author = {Hadley Wickham},
  title = {feather: R Bindings to the Feather 'API'},
  year = {2019},
  url = {https://cran.r-project.org/web/packages/feather/index.html},
  note = {[Acessed: 2019-06-14]}
}

@book{ref:ggplot2,
author = {Wickham, Hadley},
year = {2009},
month = {01},
pages = {},
title = {Ggplot2: Elegant Graphics for Data Analysis},
volume = {16},
isbn = {9780387981406},
journal = {Media},
doi = {10.1007/978-0-387-98141-3}
}

@InProceedings{ref:vampir,
author="Kn{\"u}pfer, Andreas
and Brunst, Holger
and Doleschal, Jens
and Jurenz, Matthias
and Lieber, Matthias
and Mickler, Holger
and M{\"u}ller, Matthias S.
and Nagel, Wolfgang E.",
editor="Resch, Michael
and Keller, Rainer
and Himmler, Valentin
and Krammer, Bettina
and Schulz, Alexander",
title="The Vampir Performance Analysis Tool-Set",
booktitle="Tools for High Performance Computing",
year="2008",
publisher="Springer Berlin Heidelberg",
address="Berlin, Heidelberg",
pages="139--155",
abstract="This paper presents the Vampir tool-set for performance analysis of parallel applications. It consists of the run-time measurement system VampirTrace and the visualization tools Vampir and VampirServer. It describes the major features and outlines the underlying implementation that is necessary to provide low overhead and good scalability. Furthermore, it gives a short overview about the development history and future work as well as related work.",
isbn="978-3-540-68564-7"
}

@article{ref:paraver,
author = {Pillet, Vincent
and Labarta, Jesús 
and Cortes, Toni 
and Girona, Sergi},
year = {1995},
month = {03},
pages = {},
title = {PARAVER: A tool to visualize and analyze parallel code},
volume = {44},
journal = {WoTUG-18}
}

@ARTICLE{ref:parsec,
author={G. {Bosilca} and A. {Bouteiller} and A. {Danalis} and M. {Faverge} and T. {Herault} and J. J. {Dongarra}},
journal={Computing in Science Engineering},
title={PaRSEC: Exploiting Heterogeneity to Enhance Scalability},
year={2013},
volume={15},
number={6},
pages={36-45},
keywords={parallel processing;resource allocation;application parallelism;task parallelism;resource utilization;memory access times;PaRSEC;scalability enhancement;core counts;processor count;high-performance computing system;Programming;Computer architecture;Runtime;Computational modeling;Parallel processing;Biological system modeling;Adaptation models;Scalability;Programming;Computer architecture;Runtime;Computational modeling;Parallel processing;Biological system modeling;Adaptation models;Scalability;scientific computing;high-performance computing;HPC;scheduling and task partitioning;distributed programming;programming paradigms},
doi={10.1109/MCSE.2013.98},
ISSN={1521-9615},
month={Nov},}

@article{ref:starpu,
 author = {Augonnet, C\&\#x00e9;dric and Thibault, Samuel and Namyst, Raymond and Wacrenier, Pierre-Andr\&\#x00e9;},
 title = {StarPU: A Unified Platform for Task Scheduling on Heterogeneous Multicore Architectures},
 journal = {Concurr. Comput. : Pract. Exper.},
 issue_date = {February 2011},
 volume = {23},
 number = {2},
 month = feb,
 year = {2011},
 issn = {1532-0626},
 pages = {187--198},
 numpages = {12},
 url = {http://dx.doi.org/10.1002/cpe.1631},
 doi = {10.1002/cpe.1631},
 acmid = {1951454},
 publisher = {John Wiley and Sons Ltd.},
 address = {Chichester, UK},
 keywords = {GPU, accelerator, multicore, runtime system, scheduling},
} 

@article{ref:ompss,
author = {Duran, Alejandro and Ayguadé, Eduard and Badia, Rosa M. and Labarta, Jesús and Martinell, Luis and Martorell, Xavier and Planas, Judit},
year = {2011},
month = {06},
pages = {173-193},
title = {Ompss: a Proposal for Programming Heterogeneous Multi-Core Architectures.},
volume = {21},
journal = {Parallel Processing Letters},
doi = {10.1142/S0129626411000151}
}

@ARTICLE{ref:openmp4,
author={E. {Ayguade} and N. {Copty} and A. {Duran} and J. {Hoeflinger} and Y. {Lin} and F. {Massaioli} and X. {Teruel} and P. {Unnikrishnan} and G. {Zhang}},
journal={IEEE Transactions on Parallel and Distributed Systems},
title={The Design of OpenMP Tasks},
year={2009},
volume={20},
number={3},
pages={404-418},
keywords={application program interfaces;computational complexity;formal specification;parallel programming;systems analysis;OpenMP tasks;application complexity;OpenMP 3.0;OpenMP specification;shared-memory parallel programming;Parallel processing;Application software;Prototypes;Parallel programming;Computer Society;Scalability;Concurrent computing;Sun;Indexing;Adaptive mesh refinement;Concurrent;distributed;and parallel languages;Concurrent Programming;Concurrent programming structures;Concurrent;distributed;and parallel languages;Concurrent Programming;Concurrent programming structures},
doi={10.1109/TPDS.2008.105},
ISSN={1045-9219},
month={March},}